@inproceedings{backstrom2014romantic,
  title={Romantic partnerships and the dispersion of social ties: a network analysis of relationship status on facebook},
  author={Backstrom, Lars and Kleinberg, Jon},
  booktitle={Proceedings of the 17th ACM conference on Computer supported cooperative work \& social computing},
  pages={831--841},
  year={2014},
  organization={ACM}
}

@article{shibata2012link,
  title={Link prediction in citation networks},
  author={Shibata, Naoki and Kajikawa, Yuya and Sakata, Ichiro},
  journal={Journal of the American society for information science and technology},
  volume={63},
  number={1},
  pages={78--85},
  year={2012},
  publisher={Wiley Online Library}
}


@article{brandes2001faster,
  title={A faster algorithm for betweenness centrality},
  author={Brandes, Ulrik},
  journal={Journal of mathematical sociology},
  volume={25},
  number={2},
  pages={163--177},
  year={2001},
  publisher={Taylor \& Francis}
}

@article{adamic2003friends,
  title={Friends and neighbors on the web},
  author={Adamic, Lada A and Adar, Eytan},
  journal={Social networks},
  volume={25},
  number={3},
  pages={211--230},
  year={2003},
  publisher={Elsevier}
}

@article{liben2007link,
  title={The link-prediction problem for social networks},
  author={Liben-Nowell, David and Kleinberg, Jon},
  journal={Journal of the American society for information science and technology},
  volume={58},
  number={7},
  pages={1019--1031},
  year={2007},
  publisher={Wiley Online Library}
}