@article{platt199912,
  title={12 fast training of support vector machines using sequential minimal optimization},
  author={Platt, John C},
  journal={Advances in kernel methods},
  pages={185--208},
  year={1999}
}

@article{lin2007note,
  title={A note on Platt\'s probabilistic outputs for support vector machines},
  author={Lin, Hsuan-Tien and Lin, Chih-Jen and Weng, Ruby C},
  journal={Machine learning},
  volume={68},
  number={3},
  pages={267--276},
  year={2007},
  publisher={Springer}
}

@article{bottou2007support,
  title={Support vector machine solvers},
  author={Bottou, L{\'e}on and Lin, Chih-Jen},
  journal={Large scale kernel machines},
  pages={301--320},
  year={2007},
  publisher={Citeseer}
}

@inproceedings{dalal2005histograms,
  title={Histograms of oriented gradients for human detection},
  author={Dalal, Navneet and Triggs, Bill},
  booktitle={Computer Vision and Pattern Recognition, 2005. CVPR 2005. IEEE Computer Society Conference on},
  volume={1},
  pages={886--893},
  year={2005},
  organization={IEEE}
}

@inproceedings{sun2010multiple,
  title={Multiple kernel learning and the SMO algorithm},
  author={Sun, Zhaonan and Ampornpunt, Nawanol and Varma, Manik and Vishwanathan, Svn},
  booktitle={Advances in neural information processing systems},
  pages={2361--2369},
  year={2010}
}

@article{keerthi2001improvements,
  title={Improvements to Platt's SMO algorithm for SVM classifier design},
  author={Keerthi, S. Sathiya and Shevade, Shirish Krishnaj and Bhattacharyya, Chiranjib and Murthy, Karuturi Radha Krishna},
  journal={Neural Computation},
  volume={13},
  number={3},
  pages={637--649},
  year={2001},
  publisher={MIT Press}
}