@inproceedings{elkan2001foundations,
  title={The foundations of cost-sensitive learning},
  author={Elkan, Charles},
  booktitle={International joint conference on artificial intelligence},
  volume={17},
  number={1},
  pages={973--978},
  year={2001},
  organization={}
}

@inproceedings{drummond2003c4,
  title={C4. 5, class imbalance, and cost sensitivity: why under-sampling beats over-sampling},
  author={Drummond, Chris and Holte, Robert C and others},
  booktitle={Workshop on learning from imbalanced datasets II},
  volume={11},
  year={2003},
  organization={Citeseer}
}
@article{zhou2006training,
	Author = {Zhou, Zhi-Hua and Liu, Xu-Ying},
	Date-Modified = {2016-03-10 20:19:41 +0000},
	Journal = {Knowledge and Data Engineering, IEEE Transactions on},
	Keywords = {Skewed},
	Number = {1},
	Pages = {63--77},
	Publisher = {IEEE},
	Title = {Training cost-sensitive neural networks with methods addressing the class imbalance problem},
	Volume = {18},
	Year = {2006}
	}
@article{Sukhbaatar:Qk8RHYrX,
	Author = {Sukhbaatar, Sainbayar and Bruna, Joan and Paluri, Manohar and Bourdev, Lubomir and Fergus, Rob},
	Date-Modified = {2016-01-21 12:38:52 +0000},
	Eprint = {1406.2080v4},
	Eprintclass = {cs.CV},
	Eprinttype = {arxiv},
	Journal = {arXiv.org},
	Keywords = {Noise},
	Month = jun,
	Title = {{Training Convolutional Networks with Noisy Labels}},
	Year = {2014}
}


@article{Reed:MnuVRqvK,
	Author = {Reed, Scott and Lee, Honglak and Anguelov, Dragomir and Szegedy, Christian and Erhan, Dumitru and Rabinovich, Andrew},
	Date-Modified = {2016-01-21 12:38:57 +0000},
	Eprint = {1412.6596v3},
	Eprintclass = {cs.CV},
	Eprinttype = {arxiv},
	Journal = {arXiv.org},
	Keywords = {Noise},
	Month = dec,
	Title = {{Training Deep Neural Networks on Noisy Labels with Bootstrapping}},
	Year = {2014}
}


@article{Hayashi:2012kz,
	Author = {Hayashi, Kenichi},
	Date-Modified = {2016-01-21 12:16:21 +0000},
	Journal = {Statistics and Probability Letters},
	Keywords = {Noise},
	Month = feb,
	Number = {2},
	Pages = {348--356},
	Title = {{A simple extension of boosting for asymmetric mislabeled data}},
	Volume = {82},
	Year = {2012},
}

@article{yi2014learning,
  title={Learning face representation from scratch},
  author={Yi, Dong and Lei, Zhen and Liao, Shengcai and Li, Stan Z},
  journal={arXiv preprint arXiv:1411.7923},
  year={2014}
}

@inproceedings{net1,
  title={Deep convolutional network cascade for facial point detection},
  author={Sun, Yi and Wang, Xiaogang and Tang, Xiaoou},
  booktitle={Proceedings of the IEEE Conference on Computer Vision and Pattern Recognition},
  pages={3476--3483},
  year={2013}
}

@incollection{net2,
  title={Facial landmark detection by deep multi-task learning},
  author={Zhang, Zhanpeng and Luo, Ping and Loy, Chen Change and Tang, Xiaoou},
  booktitle={Computer Vision--ECCV 2014},
  pages={94--108},
  year={2014},
  publisher={Springer}
}

@article{jia2014caffe,
  Author = {Jia, Yangqing and Shelhamer, Evan and Donahue, Jeff and Karayev, Sergey and Long, Jonathan and Girshick, Ross and Guadarrama, Sergio and Darrell, Trevor},
  Journal = {arXiv preprint arXiv:1408.5093},
  Title = {Caffe: Convolutional Architecture for Fast Feature Embedding},
  Year = {2014}
}

@misc{FB,
 author = {Sainbayar Sukhbaatar and Joan Bruna and Manohar Paluri and Lubomir Bourdev and Rob Fergus},
 title = {TRAINING CONVOLUTIONAL NETWORKS WITH NOISY LABELS},
 note = {proc, ICLR},
 year = 2015
}

@inproceedings{larsen1998design,
  title={Design of robust neural network classifiers},
  author={Larsen, Jan and Nonboe, L and Hintz-Madsen, Mads and Hansen, Lars Kai},
  booktitle={Acoustics, Speech and Signal Processing, 1998. Proceedings of the 1998 IEEE International Conference on},
  volume={2},
  pages={1205--1208},
  year={1998},
  organization={IEEE}
}
@inproceedings{xiao2015learning,
  title={Learning from massive noisy labeled data for image classification},
  author={Xiao, Tong and Xia, Tian and Yang, Yi and Huang, Chang and Wang, Xiaogang},
  booktitle={Proceedings of the IEEE Conference on Computer Vision and Pattern Recognition},
  pages={2691--2699},
  year={2015}
}

@inproceedings{krizhevsky2012imagenet,
  title={Imagenet classification with deep convolutional neural networks},
  author={Krizhevsky, Alex and Sutskever, Ilya and Hinton, Geoffrey E},
  booktitle={Advances in neural information processing systems},
  pages={1097--1105},
  year={2012}
}

@article{frenay2014comprehensive,
  title={A comprehensive introduction to label noise},
  author={Fr{\'e}nay, Beno{\^\i}t and Kab{\'a}n, Ata and others},
  booktitle={ESANN},
  year={2014}
}


@incollection{NIPS2013_5073,
title = {Learning with Noisy Labels},
author = {Natarajan, Nagarajan and Dhillon, Inderjit S and Ravikumar, Pradeep K and Tewari, Ambuj},
booktitle = {Advances in Neural Information Processing Systems 26},
editor = {C. J. C. Burges and L. Bottou and M. Welling and Z. Ghahramani and K. Q. Weinberger},
pages = {1196--1204},
year = {2013},
publisher = {Curran Associates, Inc.},
url = {http://papers.nips.cc/paper/5073-learning-with-noisy-labels.pdf}
}

@article{frenay2014classification,
  title={Classification in the presence of label noise: a survey},
  author={Fr{\'e}nay, Beno{\^\i}t and Verleysen, Michel},
  journal={Neural Networks and Learning Systems, IEEE Transactions on},
  volume={25},
  number={5},
  pages={845--869},
  year={2014},
  publisher={IEEE}
}

@article{flatowrobustness,
  title={On the Robustness of ConvNets to Training on Noisy Labels},
  author={Flatow, David and Penner, Daniel}
}

@incollection{ge2010unn,
  title={UNN: a neural network for uncertain data classification},
  author={Ge, Jiaqi and Xia, Yuni and Nadungodage, Chandima},
  booktitle={Advances in Knowledge Discovery and Data Mining},
  pages={449--460},
  year={2010},
  publisher={Springer}
}
