@inproceedings{kass2010smoothed,
  title={Smoothed local histogram filters},
  author={Kass, Michael and Solomon, Justin},
  booktitle={ACM Transactions on Graphics (TOG)},
  volume={29},
  number={4},
  pages={100},
  year={2010},
  organization={ACM}
}

@article{barash2004common,
  title={A common framework for nonlinear diffusion, adaptive smoothing, bilateral filtering and mean shift},
  author={Barash, Danny and Comaniciu, Dorin},
  journal={Image and Vision Computing},
  volume={22},
  number={1},
  pages={73--81},
  year={2004},
  publisher={Elsevier}
}

@inproceedings{bousseau2007video,
  title={Video watercolorization using bidirectional texture advection},
  author={Bousseau, Adrien and Neyret, Fabrice and Thollot, Jo{\"e}lle and Salesin, David},
  booktitle={ACM Transactions on Graphics (ToG)},
  volume={26},
  number={3},
  pages={104},
  year={2007},
  organization={ACM}
}

@article{peyre2011numerical,
  title={The numerical tours of signal processing},
  author={Peyr{\'e}, Gabriel},
  journal={Computing in Science \& Engineering},
  volume={13},
  number={4},
  pages={94--97},
  year={2011},
  publisher={Institute of Electrical and Electronics Engineers, Inc.,| y USA USA}
}

@inproceedings{paris2007gentle,
  title={A gentle introduction to bilateral filtering and its applications},
  author={Paris, Sylvain and Kornprobst, Pierre and Tumblin, Jack and Durand, Fr{\'e}do},
  booktitle={ACM SIGGRAPH 2007 courses},
  pages={1},
  year={2007},
  organization={ACM}
}

@inproceedings{farbman2008edge,
  title={Edge-preserving decompositions for multi-scale tone and detail manipulation},
  author={Farbman, Zeev and Fattal, Raanan and Lischinski, Dani and Szeliski, Richard},
  booktitle={ACM Transactions on Graphics (TOG)},
  volume={27},
  number={3},
  pages={67},
  year={2008},
  organization={ACM}
}