@article{Sukhb,
  author    = {Sainbayar Sukhbaatar and
               Rob Fergus},
  title     = {Learning from Noisy Labels with Deep Neural Networks},
  journal   = {CoRR},
  volume    = {abs/1406.2080},
  year      = {2014},
  url       = {http://arxiv.org/abs/1406.2080},
  timestamp = {Tue, 01 Jul 2014 11:58:08 +0200},
  biburl    = {http://dblp.uni-trier.de/rec/bib/journals/corr/SukhbaatarF14},
  bibsource = {dblp computer science bibliography, http://dblp.org}
}	