
@misc{FB,
 author = {Sainbayar Sukhbaatar and Joan Bruna and Manohar Paluri and Lubomir Bourdev and Rob Fergus},
 title = {TRAINING CONVOLUTIONAL NETWORKS WITH NOISY LABELS},
 note = {proc, ICLR},
 year = 2015
}

@inproceedings{krizhevsky2012imagenet,
  title={Imagenet classification with deep convolutional neural networks},
  author={Krizhevsky, Alex and Sutskever, Ilya and Hinton, Geoffrey E},
  booktitle={Advances in neural information processing systems},
  pages={1097--1105},
  year={2012}
}

@misc{krizhevsky2009learning,
  title={Learning multiple layers of features from tiny images},
  author={Krizhevsky, Alex and Hinton, Geoffrey},
  year={2009},
  publisher={Citeseer}
}

@article{yi2014learning,
  title={Learning face representation from scratch},
  author={Yi, Dong and Lei, Zhen and Liao, Shengcai and Li, Stan Z},
  journal={arXiv preprint arXiv:1411.7923},
  year={2014}
}

@article{jia2014caffe,
  Author = {Jia, Yangqing and Shelhamer, Evan and Donahue, Jeff and Karayev, Sergey and Long, Jonathan and Girshick, Ross and Guadarrama, Sergio and Darrell, Trevor},
  Journal = {arXiv preprint arXiv:1408.5093},
  Title = {Caffe: Convolutional Architecture for Fast Feature Embedding},
  Year = {2014}
}